@Book{1,
author = {Agrawal, R. and Imielinski, T. and Swami, A.},
editor = {ACM SIGMOD},
title = {Mining Association Rules between Sets of Items in Large Databases},
publisher = {ACM SIGMOD},
year = {1993}
}

@InProceedings{2,
author = {Agrawal, R. and Mehta, M. and Shafer, J. and Srikant, R. and Arning, A. and Bollinger, T.},
title = {The Quest Data Mining System},
booktitle = {2º  Conference KDD y Data Mining},
address = {Portland, Oregon},
year = {1996}
}

@InProceedings{3,
author = {Agrawal, R. and Shim, K.},
title = {Developing Tightly-Coupled Data Mining Applications on a Relational Database System},
booktitle = {The Second International Conference on Knowledge Discovery and Data Mining},
address = {Portland, Oregon},
year = {1996}
}

@InProceedings{4,
author = {Agrawal, R. and Srikant, R.},
title = {Fast Algorithms for Mining Association Rules},
booktitle = {VLDB Conference},
address = {Santiago, Chile},
year = {1994}
}

@Book{5,
author = {Brachman, R. and Anand, T.},
title = {The Process of Knowledge Discovery in Databases: A First Sketch, Workshop on Knowledge Discovery in Databases},
year = {1994}
}

@InProceedings{6,
author = {Chaudhuri, S.},
title = {Data Mining and Database Systems: Where is the Intersection?},
booktitle = {Bulletin of the Technical Committee on Data Engineering},
volume = {21},
number = {1},
month = {Marzo},
year = {1998}
}

@InProceedings{7,
author = {Chen, M. and Han, J. and Yu, P.},
title = {Data Mining: An Overview from Database Perspective},
booktitle = {IEEE Transactions on Knowledgeand Data Engineering},
year = {1996}
}

@Misc{8,
title = {eXtreme Programming},
author = {Wells, D},
howpublished = {http://www.extremeprogramming.org},
year = {1999, 2000, 2001}
}

@InProceedings{9,
author = {Fayyad, U. and Piatetsky-Shapiro, G. and Smyth, P.},
title = {From Data Mining to Knowledge Discovery: An Overview, in Advances in Knowledge Discovery and Data Mining},
booktitle = {AAAI Pres / The MIT Press},
year = {1996}
}

@InProceedings{10,
author = {Goebel, M. and Gruenwald, L.},
title = {A Survey of Data Mining and Knowledge Discovery Software Tools},
booktitle = {SIGKDD Explorations},
volume = {1},
series = {1},
month = {June},
year = {1999}
}

@Book{11,
author = {Han, J. and Fu, Y. and Wang, W. and Chiang, J. and Zaiane, O. and Koperski, K.},
editor = {ACM SIGMOD},
title = {DBMiner: Interactive Mining of Multiple-Level Knowledge in Relational Databases},
publisher = {ACM SIGMOD},
address = {Montreal, Canada},
year = {1996}
}

@InProceedings{12,
author = {Han, J. and Fu, Y. and Wang, W. and Chiang, J. and Koperski, K. and Li, D. and Lu, Y. and Rajan, A. and Stefanovic, N. and Xia, B. and Zaiane, O.},
title = {DBMiner: A System for Mining Knowledge in Large Relational Databases},
booktitle = {The second International Conference on Knowledge Discovery \& Data Mining},
OPTaddress = {Portland, Oregon},
OPTyear = {1996}
}

@InProceedings{13,
author = {Han, J. and Chiang, J. and Chee, S. and Chen, J. and Chen, Q. and Cheng, S. and Gong, W. and Kamber, M. and Koperski, K. and Liu, G. and Lu, Y. and Stefanovic, N. and Winstone, L. and Xia, B. and Zaiane, O. and Zhang, S. and Zhu, H.},
title = {DBMiner: A System for Data Mining in Relational Databases and Data Warehouses},
booktitle = {CASCON: Meeting of Minds},
OPTaddress = {Toronto, Canada},
OPTyear = {1997}
}

@InProceedings{14,
author = {Han, J. and Fu, Y. and Tang, S.},
title = {Advances of the DBLearn System for Knowledge Discovery in Large Databases},
booktitle = {International Joint Conference on Artificial Intelligence IJCAI},
address = {Montreal, Canada},
year = {1995}
}

@InProceedings{15,
author = {Han, J. and Pei, J. and Yin, Y.},
title = {Mining Frequent Patterns without candidate Generation},
booktitle = {ACM SIGMOD},
address = {Dallas, TX},
year = {2000}
}

@InProceedings{16,
author = {Han, J. and Pei, J.},
title = {Mining Frequent Patterns by Pattern-Growth: Methodology and Implications},
booktitle = {SIGKDD Explorations},
volume = {2:14-20},
year = {2000}
}

@Book{17,
author = {Han, J. and Kamber, M.},
title = {Data Mining Concepts and Techniques},
publisher = {Morgan Kaufmann Publishers},
year = {2001},
OPTaddress = {SanFrancisco}
}

@Misc{18,
author = {IBM Corporation},
title = {Intelligent Miner},
howpublished = {http://www-4.ibm.com/software/data/iminer},
year = {2001}
}

@InProceedings{19,
author = {Imielnski, T. and Mannila, H.},
title = {A  Database Perspective on Knowledge Discovery},
booktitle = {Communications of the ACM},
OPTyear = {1996},
OPTvolume = {39},
OPTnumber = {11},
OPTmonth = {November}
}

@Misc{20,
author = {Isoft S.A.},
title = {Alice},
howpublished = {http://www.alice-soft.com/html/prod\_{}alice.htm},
year = {2001}
}

@Misc{21,
author = {Kdnuggets},
howpublished = {http://www.kdnuggets.com/software},
year = {2001}
}

@InProceedings{22,
author = {Matheus, C. and Chang, P. and Piatetsky-Shapiro, G.},
title = {Systems for Knowledge Discovery in Databases},
booktitle = {IEEE Transactions on Knowledge and Data Engineering},
year = {1993},
volume = {5},
number = {6}
}

@Book{23,
author = {Piatetsky-Shapiro, G. and Brachman, R. and Khabaza, T.},
title = {An Overview of Issues in Developing Industrial Data Mining and Knowledge Discovery Applications},
year = {1996}
}

@Misc{24,
author = {Quadrillion Corp.},
title = {Q-Yield},
howpublished = {http://www.quadrillion.com/qyield.shtm},
year = {2001}
}

@InBook{25,
author = {Quinlan, J.R.},
title = {Induction of decision trees. Machine Learning},
year = {1986},
OPTpages = {81-106},
}

@Book{26,
author = {Quinlan J.R.},
title = {C4.5: Programs for Machine Leraning},
publisher = {Morgan Kaufmann Publishers},
year = {1993}
}

@Misc{27,
author = {RuleQuest Research Inc.},
title = {C5.0},
howpublished = {http://www.rulequest.com},
year = {2001}
}

@InProceedings{28,
author = {Sarawagi, S. and Thomas, S. and Agrawal, R.},
title = {Integrating Association Rule Mining with Relational Database Systems: Alternatives and Implications},
booktitle = {ACM SIGMOD},
year = {1998}
}

@Misc{29,
author = {SPSS},
title = {Clementine},
howpublished = {http://www.spss.com/clementine},
year = {2001}
}

@Article{30,
author = {Timar\'an, R.},
title = {Arquitecturas de Integraci\'on del Proceso de Descubrimiento de Conocimiento con Sistemas de Gesti\'on de bases de datos: un Estado del Arte,  en revista Ingenier\'ia y Competitividad},
journal = {Revista de Ingenier\'ia y Competitividad, Universidad del Valle},
year = {2001},
volume = {3},
number = {2},
month = {Diciembre}
}

@InProceedings{31,
author = {Timar\'an, R.},
title = {Descubrimiento de conocimiento en Bases de Datos: Una visi\'on general},
booktitle = {Primer Congreso Nacional de Investigaci\'on y Tecnolog\'ia en Ingenier\'ia de Sistemas},
year = {2002},
address = {Universidad del Quind\'io, Armenia},
month = {Octubre}
}

@InProceedings{32,
author = {Timar\'an, R. and Mill\'an, M. and Machuca, F.},
title = {New Algebraic Operators and SQL Primitives for Mining Association Rules},
booktitle = {IASTED International Conference Neural Networks and Computational Intelligence},
year = {2003},
address = {Cancun, Mexico}
}

@InProceedings{33,
author = {Timar\'an, R. and Mill\'an, M.},
title = {EquipAsso: un algoritmo para el descubrimiento de Reglas de Asociaci\'on basado en operadores algebraicos},
booktitle = {4ª Conferencia Iberoamericana en Sistemas, Cibern\'etica e Inform\'atica CICI 2005},
month = {Julio},
year = {2005},
address = {Orlando, Florida, EE.UU.}
}

@InProceedings{34,
author = {Timar\'an, R. and Mill\'an, M.},
title = {EquipAsso: an Algorithm based on New Relational Algebraic Operators  for Association Rules Discovery},
booktitle = {Fourth IASTED International Conference on Computational Intelligence},
month = {July},
year = {2005},
address = {Calgary, Alberta, Canada}
}

@PhdThesis{35,
author = {Timar\'an, R.},
title = {Nuevas Primitivas SQL para el Descubrimiento de Conocimiento en Arquitecturas Fuertemente Acopladas con un Sistema Gestor de Bases de Datos},
school = {Universidad del Valle},
year = {2005}
}

@Misc{36,
author = {Trigg L. et.al},
title = {Attribute-Relation File Format (ARFF)},
howpublished = {http://www.cs.waikato.ac.nz/~ml/weka/index.html}
}

@Book{37,
author = {Waitten, I. and Eibe, F.},
title = {Data Mining: Practical Machine Learning Tools and Techniques with Java Implementations},
year = {2001}
}

@Misc{38,
author = {Waikato ML Group},
title = {The Waikato Environment for Knowledge Analisys},
howpublished = {http://www.cs.waikato.ac.nz/ml/weka}
}

@Misc{arff,
author = {Waikato ML Group},
title = {Attribute-Relation File Format (ARFF)},
howpublished = {http://www.cs.waikato.ac.nz/~ml/weka/arff.html}
}

@Misc{data,
author = {Waikato ML Group},
title = {Collections of  datasets},
howpublished = {$http://www.cs.waikato.ac.nz/ml/weka/index_datasets.html$}
}

@Misc{adam,
author = {The University of Alabama in Huntsville, Information Technology and Systems Center},
title = {Algorithm Development and Mining System},
howpublished = {http://datamining.itsc.uah.edu/adam/index.html}
}

@Misc{adamComp,
author = {The University of Alabama in Huntsville, Information Technology and Systems Center},
title = {ADaM 4.0.2 Components},
howpublished = {http://datamining.itsc.uah.edu/adam/documentation.html}
}

@Misc{adamImpl,
author = {NASA \ National Aeronautics and Space Administration},
title = {Tropical Cyclone Windspeed Indicator},
howpublished = {http://pm-esip.nsstc.nasa.gov/cyclone/}
}

@Misc{oran,
author = {Faculty of Computer and Information Science, University of Liubliana, Slovenia},
title = {Orange, Fruitful and Fun},
howpublished = {http://www.ailab.si/orange},
year = {2006}
}

@TechReport{oranwp,
author = {Demsar, J and Zupan, B},
title = {Orange: From Experimental Machine Learning to Interactive Data Mining},
institution = {Faculty of Computer and Information Science, University of Liubliana, Slovenia},
year = {2004},
address = {http://www.ailab.si/orange/wp/orange.pdf}
}

@TechReport{oranwid,
author = {Zupan, B and Leban, G and Demsar, J and Curk, T},
title = {Widgets and Visual Programming},
institution = {Faculty of Computer and Information Science, University of Liubliana, Slovenia},
year = {2004},
address = {http://www.ailab.si/orange/wp/orange.pdf}
}

@Misc{oransql,
author = {Faculty of Computer and Information Science, University of Liubliana, Slovenia},
title = {Orange's Interface to MySQL},
howpublished = {http://www.ailab.si/orange/doc/modules/orngMySQL.htm},
year = {2006}
}

@InProceedings{rico,
author = {Rakotomalala, R},
title = {TANAGRA},
booktitle = {TANAGRA: a free software for research and academic purposes},
pages = {697-702},
year = {2005},
volume = {2},
organization = {EGC'2005}
}

@Misc{eric,
author = {Universit\'e Lumi\`ere Lyon 2},
title = {ERIC Equipe de Recherche en Ing\'enierie des Conaissances},
howpublished = {http://chirouble.univ-lyon2.fr},
year = {2006}
}

@Misc{tana,
author = {Rakotomalala, R},
title = {TANAGRA Project},
howpublished = {http://chirouble.univ-lyon2.fr/~ricco/tanagra/en/tanagra.html},
year = {2006}
}

@Misc{eti,
author = {E-Business Technology Institute},
title = {E-Business Technology Institute, The University of Hong Kong},
howpublished = {http://www.eti.hku.hk},
year = {2005}
}

@Misc{itf,
author = {Goverment of Hong Kong},
title = {Innovation and Technology Fund},
howpublished = {http://www.itf.gov.hk},
year = {2006}
}

@Misc{yalew,
author = {YALE},
title = {YALE - Yet Another Learning Environment},
howpublished = {http://rapid-i.com},
year = {2006}
}

@Misc{dort,
author = {Artificial Inteligence Unit of the University of Dortmund},
title = {Artificial Inteligence Unit of the University of Dortmund},
howpublished = {http://www-ai.cs.uni-dortmund.de},
year = {2006}
}

@InProceedings{yalep,
author = {Mierswa, I and Wurst, M and Klinkenberg, R and Scholz, M and Euler, T},
title = {YALE: Rapid Prototyping for Complex Data Mining Tasks},
year = {2006},
organization = {12th ACM SIGKDD International Conference on Knowledge Discovery and Data Mining (KDD-06) }
}

@Misc{abcjdbc,
author = {Java Hispano},
title = {EL ABC de JDBC},
howpublished = {http://javahispano.org/tutorials.type.action?type=j2se},
year = {2004}
}
